@book{freidina,
	author = {},
	title = {Фрейдина, Е. В. Исследование систем управления : учеб. пособие / Е. В. фрейдина ; под. ред. Ю. В. Гусева.},
	date = {2008},
	publisher = {Издательство <<Омега-Л>>},
	location = {Москва},
	pagetotal = {367},
	note = {(Высшая школа менеджмента)},
	}
@book{garmash,
	author = {},
	title = { Гармаш, А. Н. Экономико-математические методы и прикладные модели : учебник для бакалавриата и магистратуры / А. Н. Гармаш, И. В. Орлова, В. В. Федосеев ; под ред. В. В. Федосеева. — 4-е изд., перераб. и доп. — М. : Издательство Юрайт, 2019. — 328 с. — (Серия : Бакалавр и магистр. Академический курс). — Режим доступа : www.biblio-online.ru/book/F1ED488F-DE26-4F3D-BD14-B5DE28846453.},
	}
@book{kremlev,
	title = {Кремлев, А. Г. Основные понятия теории игр : учебное пособие / А.Г. Кремлев. --- Екатеринбург : Изд-во Урал. ун-та, 2016.— 144 с.},
	}
@book{39-fz,
	title = {Федеральный закон от 25 февраля 1999 г. № 39-ФЗ <<Об инвестиционной деятельности в Российской Федерации, осуществляемой в форме капитальных вложений>> (ред. от 12 декабря 2011 г.).},
	}
@book{askinaji,
	author = {},
	title = {Аскинадзи, В. М. Инвестиции : учебник для бакалавров / В. М. Аскинадзи, В. Ф. Максимова.},
	date = {2017},
	note = {(Серия : Бакалавр. Академический курс).},
	publisher = {Издательство Юрайт},
	location = {М.},
	pagetotal = {422},
}
@book{leontev,
	author = {},
	title = {Леонтьев, В. Е. Инвестиции : учебник и практикум для академического бакалавриата / В. Е. Леонтьев, В. В. Бочаров, Н. П. Радковская.},
	date = {2017},
	note = {(Серия : Бакалавр. Академический курс).},
	publisher = {Издательство Юрайт},
	location = {М.},
	pagetotal = {455},
	}
@book{borisova,
	author = {},
	title = {Борисова, О. В. Инвестиции в 2 т. Т. 1. Инвестиционный анализ : учебник и практикум для бакалавриата и магистратуры / О. В. Борисова, Н. И. Малых, Л. В. Овешникова.},
	date = {2017},
	note = {(Серия : Бакалавр и магистр. Академический курс).},
	publisher = {Издательство Юрайт},
	location = {М.},
	pagetotal = {218},
}
@book{sergeev,
	author = {},
	title = {Сергеев, И. В. Инвестиции : учебник и практикум для прикладного бакалавриата / И. В. Сергеев, И. И. Веретенникова, В. В. Шеховцов. — 3-е изд., перераб. и доп.},
	date = {2017},
	note = {(Серия : Бакалавр. Прикладной курс).},
	publisher = {Издательство Юрайт},
	location = {М.},
	pagetotal = {314},
}
@book{pogodina,
	author = {},
	title = {Погодина, Т. В. Инвестиционный менеджмент : учебник и практикум для академического бакалавриата / Т. В. Погодина.},
	date = {2017},
	note = {(Серия : Бакалавр. Академический курс).},
	publisher = {Издательство Юрайт},
	location = {М.},
	pagetotal = {311},
}
@book{01,
	author = {},
	title = {Сергеев, И. В. Экономика организации (предприятия) : учебник и практикум для прикладного бакалавриата / И. В. Сергеев, И. И. Веретенникова. — 6-е изд., перераб. и доп. },
	date = {2016},
	note = {(Серия : Бакалавр. Прикладной курс).},
	publisher = {Издательство Юрайт},
	location = {М},
	pagetotal = {511},
}
@book{02,
	author = {},
	title = {Экономика организации : учебник и практикум для академического бакалавриата / Л. А. Чалдаева [и др.] ; под ред. Л. А. Чалдаевой.},
	date = {2018},
	note = {(Серия : Бакалавр. Академический курс).},
	publisher = {Издательство Юрайт},
	location = {М},
	pagetotal = {339},
}
@book{03,
	author = {},
	title = {Экономика предприятий агропромышленного комплекса : учебник для академического бакалавриата / Р. Г. Ахметов [и др.] ; под общ. ред. Р. Г. Ахметова.},
	date = {2018},
	note = {(Серия : Бакалавр. Академический курс).},
	publisher = {Издательство Юрайт},
	location = {М},
	pagetotal = {431},
}
@book{04,
	author = {},
	title = {Инвестиционный менеджмент : учебник и практикум для академического бакалавриата / Д. В. Кузнецов [и др.] ; под общ. ред. Д. В. Кузнецова.},
	date = {2018},
	note = {(Серия : Бакалавр. Академический курс).},
	publisher = {Издательство Юрайт},
	location = {М},
	pagetotal = {276},
}
@book{05,
	author = {},
	title = {Коршунов, В. В. Экономика организации (предприятия) : учебник и практикум для прикладного бакалавриата / В. В. Коршунов. — 4-е изд., перераб. и доп.},
	date = {2018},
	note = {(Серия : Бакалавр. Прикладной курс).},
	publisher = {Издательство Юрайт},
	location = {М},
	pagetotal = {313},
}
@book{06,
	author = {},
	title = {Воробьева, И. П. Экономика и управление производством : учебное пособие для бакалавриата и магистратуры / И. П. Воробьева, О. С. Селевич.},
	date = {2018},
	note = {(Серия : Университеты России).},
	publisher = {Издательство Юрайт},
	location = {М},
	pagetotal = {191},
}
@book{07,
	author = {},
	title = {Кузнецов, Б. Т. Инвестиционный анализ : учебник и практикум для академического бакалавриата / Б. Т. Кузнецов. — 2-е изд., испр. и доп.},
	date = {2018},
	note = {(Серия : Бакалавр. Академический курс).},
	publisher = {Издательство Юрайт},
	location = {М},
	pagetotal = {361},
}
@book{08,
	author = {},
	title = {Теплова, Т. В. Инвестиции: теория и практика : учебник для бакалавров / Т. В. Теплова. — 2-е изд., перераб. и доп.},
	date = {2016},
	note = {(Серия : Бакалавр. Академический курс).},
	publisher = {Издательство Юрайт},
	location = {М},
	pagetotal = {782},
}
@book{09,
	author = {},
	title = {Управление инвестиционными проектами в условиях риска и неопределенности : учебное пособие для бакалавриата и магистратуры / Л. Г. Матвеева, А. Ю. Никитаева, О. А. Чернова, Е. Ф. Щипанов.},
	date = {2018},
	note = {(Серия : Университеты России).},
	publisher = {Издательство Юрайт},
	location = {М},
	pagetotal = {298},
}
@book{10,
	author = {},
	title = {Гарнов, А. П. Экономика предприятия : учебник для бакалавров / А. П. Гарнов, Е. А. Хлевная, А. В. Мыльник.},
	date = {2017},
	note = {(Серия : Бакалавр. Прикладной курс).},
	publisher = {Издательство Юрайт},
	location = {М},
	pagetotal = {303},
}
